@inproceedings{ferrari92,
  title={Planning optimal grasps.},
  author={Ferrari, Carlo and Canny, John F}
}

